@article{schuster2007resolving,
  title={Resolving photon number states in a superconducting circuit},
  author={Schuster, DI and Houck, AA and Schreier, JA and Wallraff, A and Gambetta, JM and Blais, A and Frunzio, L and Majer, J and Johnson, B and Devoret, MH and others},
  journal={Nature},
  volume={445},
  number={7127},
  pages={515--518},
  year={2007},
  publisher={Nature Publishing Group}
}

@article{blais2004cavity,
	title={Cavity quantum electrodynamics for superconducting electrical circuits: An architecture for quantum computation},
	author={Blais, Alexandre and Huang, Ren-Shou and Wallraff, Andreas and Girvin, Steven M and Schoelkopf, R Jun},
	journal={Physical Review A},
	volume={69},
	number={6},
	pages={062320},
	year={2004},
	publisher={APS}
}